@article{Monads,
	Author = {Eugenio Moggi},
	Title = {Notions of computation and monads},
	Journal = {Information And Computation},
	Year = {1991},
	Volume = {93},
	Issue = {1},
	Pages = {55-92}}

@online{html5,
	Author = {blabla},
	Title = {HTML5},
	Url = {https://www.w3.org/TR/html5/},
	Bdsk-Url-1 = {https://www.w3.org/TR/html5/}}

@online{trello,
	Author = {Trello},
	Title = {Trello},
	Url = {https://trello.com/},
	Bdsk-Url-1 = {https://trello.com/}}

@article{paperopoli,
	Author = {Paolino, Paperino and Paperone, De Paperoni and John Davison, Rockerducki},
	Date = {2011},
	Location = {Milano},
	Publisher = {Hoepli},
	Title = {Il deposito di Paperopoli}}

@book{ajax,
	Author = {Joe, Fawcett and Jeremy, McPeak and Nicholas, C.Zakas},
	Date = {2007},
	Location = {Milano},
	Publisher = {Hoepli},
	Title = {Ajax Guida per lo sviluppatore}}
